@inproceedings{hu-2024-mfr,
 author = {Hu, Rui and He, Qian and Zhuang, Jiedong and Chen, Huang and Liu, Huafeng and Wang, Huamin},
 booktitle = {Advances in Neural Information Processing Systems 38: Annual Conference on Neural Information Processing Systems (NeurIPS)},
 location = {Vancouver, Canada},
 series = {NeurIPS '24},
 title = {FashionR2R: Texture-preserving Rendered-to-Real Image Translation with Diffusion Models},
 year = {2024}
}
